@article{smith2009research,
  title={Research methods in AI},
  author={Smith, J. and Johnson, M.},
  journal={Journal of Artificial Intelligence},
  volume={23},
  number={2},
  pages={34--56},
  year={2009}
}

@article{parikh1980adaptive,
  title={An adaptive lattice algorithm for recursive filters},
  author={Parikh, D and Ahmed, N and Stearns, SDSD},
  journal={Acoustics, Speech and Signal Processing, IEEE Transactions on},
  volume={28},
  number={1},
  pages={110--111},
  year={1980},
  publisher={IEEE}
}

@book{jones2010machine,
  title={Machine Learning: A practical approach},
  author={Jones, K. and Smith, L.},
  year={2010},
  publisher={Tech Press}
}
